@misc{price2018spectrometers,
      title={Spectrometers and Polyphase Filterbanks in Radio Astronomy},
      author={Danny C. Price},
      year={2018},
      eprint={1607.03579},
      archivePrefix={arXiv},
      primaryClass={astro-ph.IM},
}
