@MISC{price2018spectrometers,
  AUTHOR = {Price, Danny C.},
  DATE = {2018},
  EPRINT = {1607.03579},
  EPRINTCLASS = {astro-ph.IM},
  EPRINTTYPE = {arXiv},
  TITLE = {Spectrometers and Polyphase Filterbanks in Radio Astronomy},
}
